@article{abdulkadirouglu2022breaking,
  title={Breaking ties: Regression discontinuity design meets market design},
  author={Abdulkadiroglu, Atila and Angrist, Joshua D and Narita, Yusuke and Pathak, Parag},
  journal={Econometrica},
  volume={90},
  number={1},
  pages={117--151},
  year={2022},
  publisher={Wiley Online Library}
}